@phdthesis { 500001551932,
  author="Dechboon, Premyuda",
  title="Inheritance properties on cone continuity for set-valued maps via scalarization",
  school="新潟大学",
  year="2022",
  URL="https://ci.nii.ac.jp/naid/500001551932"
}

@incollection {MR341029,
    AUTHOR = {Fan, Ky},
     TITLE = {A minimax inequality and applications},
 BOOKTITLE = {Inequalities, {III} ({P}roc. {T}hird {S}ympos., {U}niv.
              {C}alifornia, {L}os {A}ngeles, {C}alif., 1969; dedicated to
              the memory of {T}heodore {S}. {M}otzkin)},
     PAGES = {103--113},
 PUBLISHER = {Academic Press, New York-London},
      YEAR = {1972},
   MRCLASS = {46A99},
  MRNUMBER = {341029},
MRREVIEWER = {V.\ Zizler},
}

@article {MR1807037,
    AUTHOR = {Georgiev, Pando Gr. and Tanaka, Tamaki},
     TITLE = {Vector-valued set-valued variants of {K}y {F}an's inequality},
   JOURNAL = {J. Nonlinear Convex Anal.},
  FJOURNAL = {Journal of Nonlinear and Convex Analysis. An International
              Journal},
    VOLUME = {1},
      YEAR = {2000},
    NUMBER = {3},
     PAGES = {245--254},
      ISSN = {1345-4773,1880-5221},
   MRCLASS = {49J53 (47H04 47J20)},
  MRNUMBER = {1807037},
MRREVIEWER = {Wenming\ Bian},
}

@article {MR3458699,
    AUTHOR = {Kobayashi, Shogo and Saito, Yutaka and Tanaka, Tamaki},
     TITLE = {Convexity for compositions of set-valued map and monotone
              scalarizing function},
   JOURNAL = {Pac. J. Optim.},
  FJOURNAL = {Pacific Journal of Optimization. An International Journal},
    VOLUME = {12},
      YEAR = {2016},
    NUMBER = {1},
     PAGES = {43--54},
      ISSN = {1348-9151,1349-8169},
   MRCLASS = {90C29 (26E25 49J53 54C60)},
  MRNUMBER = {3458699},
MRREVIEWER = {Jing\ Zeng},
}

@inproceedings {MR1490071,
    AUTHOR = {Kuroiwa, Daishi and Tanaka, Tamaki and Ha, Truong Xuan Duc},
     TITLE = {On cone convexity of set-valued maps},
 BOOKTITLE = {Proceedings of the {S}econd {W}orld {C}ongress of {N}onlinear
              {A}nalysts, {P}art 3 ({A}thens, 1996)},
   JOURNAL = {Nonlinear Anal.},
  FJOURNAL = {Nonlinear Analysis. Theory, Methods \& Applications. An
              International Multidisciplinary Journal},
    VOLUME = {30},
      YEAR = {1997},
    NUMBER = {3},
     PAGES = {1487--1496},
      ISSN = {0362-546X,1873-5215},
   MRCLASS = {90C26 (90C29)},
  MRNUMBER = {1490071},
       DOI = {10.1016/S0362-546X(97)00213-7},
       URL = {https://doi.org/10.1016/S0362-546X(97)00213-7},
}

@article {MR2809371,
    AUTHOR = {Sonda, Yuuya and Kuwano, Issei and Tanaka, Tamaki},
     TITLE = {Cone-semicontinuity of set-valued maps by analogy with
              real-valued semicontinuity},
   JOURNAL = {Nihonkai Math. J.},
  FJOURNAL = {Nihonkai Mathematical Journal},
    VOLUME = {21},
      YEAR = {2010},
    NUMBER = {2},
     PAGES = {91--103},
      ISSN = {1341-9951},
   MRCLASS = {54C60 (90C29)},
  MRNUMBER = {2809371},
MRREVIEWER = {Monica\ Bianchi},
}

@article {MR2778674,
    AUTHOR = {Kuwano, Issei and Tanaka, Tamaki and Yamada, Syuuji},
     TITLE = {Unified scalarization for sets and set-valued {K}y {F}an
              minimax inequality},
   JOURNAL = {J. Nonlinear Convex Anal.},
  FJOURNAL = {Journal of Nonlinear and Convex Analysis. An International
              Journal},
    VOLUME = {11},
      YEAR = {2010},
    NUMBER = {3},
     PAGES = {513--525},
      ISSN = {1345-4773,1880-5221},
   MRCLASS = {49J53 (90C29)},
  MRNUMBER = {2778674},
MRREVIEWER = {Rais\ Ahmad},
}

@article {MR399979,
    AUTHOR = {Takahashi, Wataru},
     TITLE = {Nonlinear variational inequalities and fixed point theorems},
   JOURNAL = {J. Math. Soc. Japan},
  FJOURNAL = {Journal of the Mathematical Society of Japan},
    VOLUME = {28},
      YEAR = {1976},
    NUMBER = {1},
     PAGES = {168--181},
      ISSN = {0025-5645,1881-1167},
   MRCLASS = {47H15},
  MRNUMBER = {399979},
MRREVIEWER = {Heinrich\ Steinlein},
       DOI = {10.2969/jmsj/02810168},
       URL = {https://doi.org/10.2969/jmsj/02810168},
}

@article{xu2016new,
  title={A new nonlinear scalarization function and applications},
  author={Xu, YD and Li, SJ},
  journal={Optimization},
  volume={65},
  number={1},
  pages={207--231},
  year={2016},
  publisher={Taylor \& Francis}
}

@inproceedings{kuroiwa1997cone,
  title={On cone of convexity of set-valued maps},
  author={Kuroiwa, Daishi and Tanaka, Tamaki and Ha, Truong Xuan Duc},
  booktitle={Proceedings of the second world congress on Nonlinear analysts: part 3},
  pages={1487--1496},
  year={1997}
}